<?xml version="1.0" encoding="UTF-8"?>
<collection xmlns:xsi="http://www.w3.org/2001/XMLSchema-instance" xsi:schemaLocation="http://www.loc.gov/MARC21/slim http://www.loc.gov/standards/marcxml/schema/MARC21slim.xsd" xmlns="http://www.loc.gov/MARC21/slim">
<record>
  <leader>01654mam a2200277 a 4500</leader>
  <controlfield tag="001">3269983</controlfield>
  <controlfield tag="003">NNC</controlfield>
  <controlfield tag="005">20151019143226.0</controlfield>
  <controlfield tag="008">991207s1901    ua            000 0 ara d</controlfield>
  <datafield tag="035" ind1=" " ind2=" ">
    <subfield code="a">(OCoLC)51533441</subfield>
  </datafield>
  <datafield tag="035" ind1=" " ind2=" ">
    <subfield code="a">(OCoLC)ocm51533441</subfield>
  </datafield>
  <datafield tag="035" ind1=" " ind2=" ">
    <subfield code="a">(CStRLIN)CTYN99-B7591</subfield>
  </datafield>
  <datafield tag="035" ind1=" " ind2=" ">
    <subfield code="a">(CStRLIN)CTYN99-B7591</subfield>
  </datafield>
  <datafield tag="035" ind1=" " ind2=" ">
    <subfield code="9">AUP6855CU</subfield>
  </datafield>
  <datafield tag="035" ind1=" " ind2=" ">
    <subfield code="a">(NNC)3269983</subfield>
  </datafield>
  <datafield tag="040" ind1=" " ind2=" ">
    <subfield code="a">CtY</subfield>
    <subfield code="c">CtY</subfield>
  </datafield>
  <datafield tag="100" ind1="0" ind2=" ">
    <subfield code="a">Averroës,</subfield>
    <subfield code="d">1126-1198.</subfield>
  </datafield>
  <datafield tag="240" ind1="1" ind2="0">
    <subfield code="a">Faṣl al-maqāl fīmā bayna al-sharīʻah wa-al-ḥikmah min al-ittiṣāl</subfield>
  </datafield>
  <datafield tag="245" ind1="0" ind2="0">
    <subfield code="a">Kitāb Falsafat al-qāḍī al-fāḍil Aḥmad ibn Aḥmad Ibn Rushd al-Andalusī al-mushtamil ʻalá kitābayn jalīlayn, al-awwal Faṣl al-maqāl fī-mā bayna al-ḥikmah wa-al-sharīʻah min al-ittiṣāl wa-dhaylihi Faṣl al-maqāl[sic], wa-al-thānī al-Kashf ʻan manāhij al-adillah fī ʻaqāʾid al-millah, wa-taʻrīf mā waqaʻa fīhā bi-ḥasb al-taʾwīl min al-shubah al-muzīghah wa-al-ʻaqāʾid al-muḍillah.</subfield>
  </datafield>
  <datafield tag="246" ind1="3" ind2="0">
    <subfield code="a">Falsafat Ibn Rushd</subfield>
  </datafield>
  <datafield tag="260" ind1=" " ind2=" ">
    <subfield code="a">[Cairo ] :</subfield>
    <subfield code="b">al-Maṭbaʻah al-Ḥamīdīyah,</subfield>
    <subfield code="c">1319 [1901 or 1902]</subfield>
  </datafield>
  <datafield tag="300" ind1=" " ind2=" ">
    <subfield code="a">102 p. ;</subfield>
    <subfield code="c">20 cm.</subfield>
  </datafield>
  <datafield tag="505" ind1="0" ind2=" ">
    <subfield code="a">Faṣl al-maqāl fī-mā bayna al-ḥikmah wa-al-sharīʻah min al-ittiṣāl, wa-dhayluh -- al-Kashf ʻan manāhij al-adillah fī ʻaqāʾid al-millah, wa-taʻrīf mā waqaʻ fīhā bi-ḥasab al-taʾwīl min al-shubah al-muzīghah wa-al-ʻaqāʾid al-muḍillah.</subfield>
  </datafield>
  <datafield tag="650" ind1=" " ind2="0">
    <subfield code="a">Islam</subfield>
    <subfield code="x">Doctrines</subfield>
    <subfield code="v">Early works to 1800.</subfield>
  </datafield>
  <datafield tag="650" ind1=" " ind2="0">
    <subfield code="a">Islam and philosophy</subfield>
    <subfield code="v">Early works to 1800.</subfield>
  </datafield>
  <datafield tag="700" ind1="0" ind2="2">
    <subfield code="a">Averroës,</subfield>
    <subfield code="d">1126-1198.</subfield>
    <subfield code="t">Kashf ʻan manāhij al-adillah fī ʻaqāʼid al-millah.</subfield>
    <subfield code="f">1901.</subfield>
  </datafield>
  <datafield tag="955" ind1=" " ind2=" ">
    <subfield code="b">CU07841574</subfield>
    <subfield code="d">off,glx</subfield>
    <subfield code="e">893.7991 Av3</subfield>
  </datafield>
</record>
</collection>